% This file was created with JabRef 2.10b2.
% Encoding: UTF-8


@InProceedings{vanRaalte2015HLE,
  Title                    = {Accounting for temporal variation in morbidity},
  Author                   = {{\VAN{Raalte}{Van}{van}} Raalte, Alyson and Riffe, Tim},
  Year                     = {2016},
  Publisher                = {Presented at the Annual Meeting of the Population Association of America}
}

@Electronic{LSVCB,
  Title                    = {Longitudinal Study of Violent Criminal Behavior in the United States, 1970-1984},
  Author                   = {Megargee, Edwin I. and Carbonell, Joyce L.},
  HowPublished             = {[electronic]},
  Organization             = {ICPSR06103-v1. Ann Arbor, MI: Inter-university Consortium for Political and Social Research [distributor]},
  Url                      = {http://doi.org/10.3886/ICPSR06103.v1},
  Year                     = {1996},

  Owner                    = {tim},
  Timestamp                = {2016.09.29}
}

@Article{riffe2015ttd,
  Title                    = {Time-to-death patterns in markers of age and dependency},
  Author                   = {{Riffe, T.} and Chung, P. H. and Spijker, J. and MacInnes, J.},
  Journal                  = {MPIDR Working Papers},
  Year                     = {2015},
  Number                   = {3},
  Pages                    = {25},
  Volume                   = {WP-2015},

  Owner                    = {riffe},
  Timestamp                = {2015.08.05}
}

@Article{rsv2015,
  Title                    = {A unified framework of demographic time},
  Author                   = {Riffe, T. and Sch\"{o}ley, J. and Villavicencio, F.},
  Journal                  = {MPIDR Working Papers},
  Year                     = {2015},
  Number                   = {8},
  Pages                    = {22},
  Volume                   = {WP-2015},

  Owner                    = {riffe}
}

@Manual{Lahman,
    title = {Lahman: Sean 'Lahman' Baseball Database},
    author = {Michael Friendly},
    year = {2016},
    note = {R package version 5.0-0},
    url = {https://CRAN.R-project.org/package=Lahman},
  }
  
@Electronic{HRS,
  Title                    = {{RAND HRS Data, Version M}},

  Address                  = {Santa Monica, CA},
  Month                    = {September},
  Note                     = {Produced by the RAND Center for the Study of Aging, with funding from the National Institute on Aging and the Social Security Administration.},
  Year                     = {2013},

  Owner                    = {triffe},
  Timestamp                = {2014.07.14}
}
  